@article{felsenstein1985phylogenies,
title={Phylogenies and the comparative method},
author={Felsenstein, Joseph},
journal={The American Naturalist},
volume={125},
number={1},
pages={1--15},
year={1985},
publisher={University of Chicago Press}
}


@article{li2017statistical,
title={The statistical need to include phylogeny in trait-based analyses of community composition},
author={Li, Daijiang and Ives, Anthony R},
journal={Methods in Ecology and Evolution},
volume={8},
number={10},
pages={1192--1199},
year={2017},
publisher={Wiley Online Library}
}

@article{grafen1989phylogenetic,
title={The phylogenetic regression},
author={Grafen, Alan},
journal={Phil. Trans. R. Soc. Lond. B},
volume={326},
number={1233},
pages={119--157},
year={1989},
publisher={The Royal Society}
}

@article{pagel1999inferring,
title={Inferring the historical patterns of biological evolution},
author={Pagel, Mark},
journal={Nature},
volume={401},
number={6756},
pages={877},
year={1999},
publisher={Nature Publishing Group}
}

@article{lynch1991methods,
title={Methods for the analysis of comparative data in evolutionary biology},
author={Lynch, Michael},
journal={Evolution},
volume={45},
number={5},
pages={1065--1080},
year={1991},
publisher={Wiley Online Library}
}

@article{blomberg2003testing,
title={Testing for phylogenetic signal in comparative data: behavioral traits are more labile},
author={Blomberg, Simon P and Garland Jr, Theodore and Ives, Anthony R},
journal={Evolution},
volume={57},
number={4},
pages={717--745},
year={2003},
publisher={BioOne}
}

@article{felsenstein1973maximum,
title={Maximum-likelihood estimation of evolutionary trees from continuous characters.},
author={Felsenstein, Joseph},
journal={American journal of human genetics},
volume={25},
number={5},
pages={471},
year={1973},
publisher={Elsevier}
}

@article{bates2015fitting,
title={Fitting Linear Mixed-Effects Models Using lme4},
author={Bates, Douglas and M{\"a}chler, Martin and Bolker, Ben and Walker, Steve and others},
journal={Journal of Statistical Software},
volume={67},
number={i01},
year={2015},
publisher={Foundation for Open Access Statistics}
}

@article{helmus2007separating,
title={Separating the determinants of phylogenetic community structure},
author={Helmus, Matthew R and Savage, Kristina and Diebel, Matthew W and Maxted, Jeffrey T and Ives, Anthony R},
journal={Ecology letters},
volume={10},
number={10},
pages={917--925},
year={2007},
publisher={Wiley Online Library}
}

@article{de2012bayesian,
title={Bayesian models for comparative analysis integrating phylogenetic uncertainty},
author={de Villemereuil, Pierre and Wells, Jessie A and Edwards, Robert D and Blomberg, Simon P},
journal={BMC evolutionary biology},
volume={12},
number={1},
pages={102},
year={2012},
publisher={BioMed Central}
}


@article{hadfield2010general,
title={General quantitative genetic methods for comparative biology: phylogenies, taxonomies and multi-trait models for continuous and categorical characters},
author={Hadfield, JD and Nakagawa, S},
journal={Journal of evolutionary biology},
volume={23},
number={3},
pages={494--508},
year={2010},
publisher={Wiley Online Library}
}

@article{ives2011generalized,
  title={Generalized linear mixed models for phylogenetic analyses of community structure},
  author={Ives, Anthony R and Helmus, Matthew R},
  journal={Ecological Monographs},
  volume={81},
  number={3},
  pages={511--525},
  year={2011},
  publisher={Wiley Online Library}
}


@article{li2017canfun,
  title = {Can functional traits account for phylogenetic signal in community composition?},
	author = {Li, Daijiang and Ives, Anthony R and Waller, Donald M},
	journal = {New Phytologist},
	keywords = {community assembly, functional traits, phylogenetic linear mixed model (PLMM), phylogeny, species composition},
	number = {2},
	pages = {607-618},
	rating = {0},
	read = {0},
	volume = {214},
	year={2017}
}

@article{pinheiro2014r,
  title={R Core Team (2014) nlme: linear and nonlinear mixed effects models. R package version 3.1-117},
  author={Pinheiro, Jos{\'e} and Bates, D and DebRoy, S and Sarkar, D},
  journal={Available at h ttp://CRAN. R-project. org/package= nlme},
  year={2014}
}

@misc{ho2014phylolm,
  title={Phylolm: phylogenetic linear regression. R package version 2.1},
  author={Ho, LST and Ann{\'e}, C},
  year={2014}
}

@article{pearse2015pez,
  title={Pez: Phylogenetics for the environmental sciences},
  author={Pearse, William D and Cadotte, Marc W and Cavender-Bares, Jeannine and Ives, Anthony R and Tucker, Caroline M and Walker, Steve C and Helmus, Matthew R},
  journal={Bioinformatics},
  volume={31},
  number={17},
  pages={2888--2890},
  year={2015},
  publisher={Oxford University Press}
}

@article{freckleton2002phylogenetic,
  title={Phylogenetic analysis and comparative data: a test and review of evidence},
  author={Freckleton, Rob P and Harvey, Paul H and Pagel, Mark},
  journal={The American Naturalist},
  volume={160},
  number={6},
  pages={712--726},
  year={2002},
  publisher={The University of Chicago Press}
}

@article{hadfield2010mcmc,
  title={MCMC methods for multi-response generalized linear mixed models: the MCMCglmm R package},
  author={Hadfield, Jarrod D and others},
  journal={Journal of Statistical Software},
  volume={33},
  number={2},
  pages={1--22},
  year={2010}
}

@article{butler2004phylogenetic,
  title={Phylogenetic comparative analysis: a modeling approach for adaptive evolution},
  author={Butler, Marguerite A and King, Aaron A},
  journal={The American Naturalist},
  volume={164},
  number={6},
  pages={683--695},
  year={2004},
  publisher={The University of Chicago Press}
}

@article{nowakowski2018phylogenetic,
  title={Phylogenetic homogenization of amphibian assemblages in human-altered habitats across the globe},
  author={Nowakowski, A Justin and Frishkoff, Luke O and Thompson, Michelle E and Smith, Tatiana M and Todd, Brian D},
  journal={Proceedings of the National Academy of Sciences},
  pages={201714891},
  year={2018},
  publisher={National Acad Sciences}
}

@article{bunnefeld2012island,
  title={Island, archipelago and taxon effects: mixed models as a means of dealing with the imperfect design of nature's experiments},
  author={Bunnefeld, Nils and Phillimore, Albert B},
  journal={Ecography},
  volume={35},
  number={1},
  pages={15--22},
  year={2012},
  publisher={Wiley Online Library}
}

@article{ord2010adaptation,
  title={Adaptation and plasticity of animal communication in fluctuating environments},
  author={Ord, Terry J and Stamps, Judy A and Losos, Jonathan B},
  journal={Evolution},
  volume={64},
  number={11},
  pages={3134--3148},
  year={2010},
  publisher={Wiley Online Library}
}

@article{pagel1988recent,
  title={Recent developments in the analysis of comparative data},
  author={Pagel, Mark D and Harvey, Paul H},
  journal={The Quarterly Review of Biology},
  volume={63},
  number={4},
  pages={413--440},
  year={1988},
  publisher={Stony Brook Foundation, Inc.}
}

@article{kelly2004comparative,
  title={Comparative methods based on species mean values},
  author={Kelly, Colleen and Price, Trevor D},
  journal={Mathematical biosciences},
  volume={187},
  number={2},
  pages={135--154},
  year={2004},
  publisher={Elsevier}
}

@article{ives2007within,
  title={Within-species variation and measurement error in phylogenetic comparative methods},
  author={Ives, Anthony R and Midford, Peter E and Garland Jr, Theodore},
  journal={Systematic Biology},
  volume={56},
  number={2},
  pages={252--270},
  year={2007},
  publisher={Society of Systematic Zoology}
}

@article{hansen2012interpreting,
  title={Interpreting the evolutionary regression: the interplay between observational and biological errors in phylogenetic comparative studies},
  author={Hansen, Thomas F and Bartoszek, Krzysztof},
  journal={Systematic Biology},
  volume={61},
  number={3},
  pages={413--425},
  year={2012},
  publisher={Oxford University Press}
}

@article{schielzeth2013nested,
  title={Nested by design: model fitting and interpretation in a mixed model era},
  author={Schielzeth, Holger and Nakagawa, Shinichi},
  journal={Methods in Ecology and Evolution},
  volume={4},
  number={1},
  pages={14--24},
  year={2013},
  publisher={Wiley Online Library}
}

@article{cleasby2015quantifying,
  title={Quantifying the predictability of behaviour: statistical approaches for the study of between-individual variation in the within-individual variance},
  author={Cleasby, Ian R and Nakagawa, Shinichi and Schielzeth, Holger},
  journal={Methods in Ecology and Evolution},
  volume={6},
  number={1},
  pages={27--37},
  year={2015},
  publisher={Wiley Online Library}
}

@article{burkner2016brms,
  title={Brms: Bayesian regression models using stan},
  author={B{\"u}rkner, Paul-Christian},
  journal={R package version 0.10. 0},
  year={2016}
}

@article{schielzeth2008conclusions,
  title={Conclusions beyond support: overconfident estimates in mixed models},
  author={Schielzeth, Holger and Forstmeier, Wolfgang},
  journal={Behavioral Ecology},
  volume={20},
  number={2},
  pages={416--420},
  year={2008},
  publisher={Oxford University Press}
}

@article{barr2013random,
  title={Random effects structure for confirmatory hypothesis testing: Keep it maximal},
  author={Barr, Dale J and Levy, Roger and Scheepers, Christoph and Tily, Harry J},
  journal={Journal of memory and language},
  volume={68},
  number={3},
  pages={255--278},
  year={2013},
  publisher={Elsevier}
}

@article{baayen2008mixed,
  title={Mixed-effects modeling with crossed random effects for subjects and items},
  author={Baayen, R Harald and Davidson, Douglas J and Bates, Douglas M},
  journal={Journal of memory and language},
  volume={59},
  number={4},
  pages={390--412},
  year={2008},
  publisher={Elsevier}
}

@article{davies2013phylogenetic,
  title={Phylogenetic conservatism in plant phenology},
  author={Davies, T Jonathan and Wolkovich, Elizabeth M and Kraft, Nathan JB and Salamin, Nicolas and Allen, Jenica M and Ault, Toby R and Betancourt, Julio L and Bolmgren, Kjell and Cleland, Elsa E and Cook, Benjamin I and others},
  journal={Journal of Ecology},
  volume={101},
  number={6},
  pages={1520--1530},
  year={2013},
  publisher={Wiley Online Library}
}



@misc{boettiger2013is,
	type = {website},
	title = {Is it time to retire {Pagel}'s lambda?},
	copyright = {CC0},
	url = {http://www.carlboettiger.info/10/11/is-it-time-to-retire-pagels-lambda.html},
	language = {en},
	urldate = {2018-07-10},
	journal = {Lab Notebook},
	author = {Boettiger, Carl},
	month = oct,
	year = {2013}
}


@article{schielzeth2009conclusions,
	title = {Conclusions beyond support: overconfident estimates in mixed models},
	volume = {20},
	issn = {1045-2249, 1465-7279},
	shorttitle = {Conclusions beyond support},
	url = {http://beheco.oxfordjournals.org/content/20/2/416},
	doi = {10.1093/beheco/arn145},
	abstract = {Mixed-effect models are frequently used to control for the nonindependence of data points, for example, when repeated measures from the same individuals are available. The aim of these models is often to estimate fixed effects and to test their significance. This is usually done by including random intercepts, that is, intercepts that are allowed to vary between individuals. The widespread belief is that this controls for all types of pseudoreplication within individuals. Here we show that this is not the case, if the aim is to estimate effects that vary within individuals and individuals differ in their response to these effects. In these cases, random intercept models give overconfident estimates leading to conclusions that are not supported by the data. By allowing individuals to differ in the slopes of their responses, it is possible to account for the nonindependence of data points that pseudoreplicate slope information. Such random slope models give appropriate standard errors and are easily implemented in standard statistical software. Because random slope models are not always used where they are essential, we suspect that many published findings have too narrow confidence intervals and a substantially inflated type I error rate. Besides reducing type I errors, random slope models have the potential to reduce residual variance by accounting for between-individual variation in slopes, which makes it easier to detect treatment effects that are applied between individuals, hence reducing type II errors as well.},
	language = {en},
	number = {2},
	urldate = {2012-07-27},
	journal = {Behavioral Ecology},
	author = {Schielzeth, Holger and Forstmeier, Wolfgang},
	month = mar,
	year = {2009},
	keywords = {repeated measures, mixed-effect models, type I error, experimental design, maternal effects, random regression},
	pages = {416--420}
}


@article{uyeda2018rethinking,
	title = {Rethinking phylogenetic comparative methods},
	url = {https://academic.oup.com/sysbio/advance-article/doi/10.1093/sysbio/syy031/4985805},
	year={2018},
	doi = {10.1093/sysbio/syy031},
	abstract = {Abstract.  As a result of the process of descent with modification, closely related species tend to be similar to one another in a myriad different ways. In sta},
	language = {en},
	urldate = {2018-07-10},
	journal = {Systematic Biology},
	author = {Uyeda, Josef C. and Zenil-Ferguson, Rosana and Pennell, Matthew W. and Matzke, Nicholas}
}

@book{garamszegi2014modern,
  title={Modern phylogenetic comparative methods and their application in evolutionary biology: concepts and practice},
  author={Garamszegi, L{\'a}szl{\'o} Zsolt},
  year={2014},
  publisher={Springer}
}

@article{khatri1968solutions,
  title={Solutions to some functional equations and their applications to characterization of probability distributions},
  author={Khatri, CG and Rao, C Radhakrishna},
  journal={Sankhy{\=a}: The Indian Journal of Statistics, Series A},
  pages={167--180},
  year={1968},
  publisher={JSTOR}
}

@article{sengupta1987tests,
  title={Tests for standardized generalized variances of multivariate normal populations of possibly different dimensions},
  author={SenGupta, Ashis},
  journal={Journal of multivariate analysis},
  volume={23},
  number={2},
  pages={209--219},
  year={1987},
  publisher={Academic Press}
}

@article{santamaria2012evolution,
  title={Evolution in biodiversity policy--current gaps and future needs},
  author={Santamar{\'\i}a, Luis and Mendez, Pablo F},
  journal={Evolutionary Applications},
  volume={5},
  number={2},
  pages={202--218},
  year={2012},
  publisher={Wiley Online Library}
}

@article{nicolakakis2000forebrain,
  title={Forebrain size and innovation rate in European birds: feeding, nesting and confounding variables},
  author={Nicolakakis, Nektaria and Lefebvre, Louis},
  journal={Behaviour},
  volume={137},
  number={11},
  pages={1415--1429},
  year={2000},
  publisher={Brill}
}

@article{tella1999habitat,
  title={Habitat, world geographic range, and embryonic development of hosts explain the prevalence of avian hematozoa at small spatial and phylogenetic scales},
  author={Tella, Jos{\'e} L and Blanco, Guillermo and Forero, Manuela G and Gaj{\'o}n, {\'A}lvaro and DONAzar, JOSE A and Hiraldo, Fernando},
  journal={Proceedings of the National Academy of Sciences},
  volume={96},
  number={4},
  pages={1785--1789},
  year={1999},
  publisher={National Acad Sciences}
}

@book{martins1996phylogenies,
  title={Phylogenies and the comparative method in animal behavior},
  author={Martins, Em{\'\i}lia P and Martins, Em Lia P},
  year={1996},
  publisher={Oxford University Press on Demand}
}

@article{garland1992procedures,
  title={Procedures for the analysis of comparative data using phylogenetically independent contrasts},
  author={Garland Jr, Theodore and Harvey, Paul H and Ives, Anthony R},
  journal={Systematic biology},
  volume={41},
  number={1},
  pages={18--32},
  year={1992},
  publisher={Society of Systematic Biologists}
}

@article{winter2013phylogenetic,
  title={Phylogenetic diversity and nature conservation: where are we?},
  author={Winter, Marten and Devictor, Vincent and Schweiger, Oliver},
  journal={Trends in Ecology \& Evolution},
  volume={28},
  number={4},
  pages={199--204},
  year={2013},
  publisher={Elsevier}
}

@article{lankau2011incorporating,
  title={Incorporating evolutionary principles into environmental management and policy},
  author={Lankau, Richard and J{\o}rgensen, Peter S{\o}gaard and Harris, David J and Sih, Andrew},
  journal={Evolutionary Applications},
  volume={4},
  number={2},
  pages={315--325},
  year={2011},
  publisher={Wiley Online Library}
}

@article{lavergne2010biodiversity,
  title={Biodiversity and climate change: integrating evolutionary and ecological responses of species and communities},
  author={Lavergne, S{\'e}bastien and Mouquet, Nicolas and Thuiller, Wilfried and Ronce, Oph{\'e}lie},
  journal={Annual review of ecology, evolution, and systematics},
  volume={41},
  pages={321--350},
  year={2010},
  publisher={Annual Reviews}
}

@article{mace2008evolutionary,
  title={Evolutionary biology and practical conservation: bridging a widening gap},
  author={Mace, Georgina M and Purvis, Andy},
  journal={Molecular Ecology},
  volume={17},
  number={1},
  pages={9--19},
  year={2008},
  publisher={Wiley Online Library}
}

 @article{brooks2017glmmTMB,
    author = {Mollie E. Brooks and Kasper Kristensen and Koen J. {van Benthem} and Arni Magnusson and Casper W. Berg and Anders Nielsen and Hans J. Skaug and Martin Maechler and Benjamin M. Bolker},
    title = {{glmmTMB} Balances Speed and Flexibility Among Packages for Zero-inflated Generalized Linear Mixed Modeling},
    year = {2017},
    journal = {The R Journal},
    url = {https://journal.r-project.org/archive/2017/RJ-2017-066/index.html},
    pages = {378--400},
    volume = {9},
    number = {2},
  }
  
@article{duane1987hybrid,
  title={Hybrid monte carlo},
  author={Duane, Simon and Kennedy, Anthony D and Pendleton, Brian J and Roweth, Duncan},
  journal={Physics letters B},
  volume={195},
  number={2},
  pages={216--222},
  year={1987},
  publisher={Elsevier}
}

@article{li2018fitting,
  title={Fitting mechanistic epidemic models to data: a comparison of simple Markov chain Monte Carlo approaches},
  author={Li, Michael and Dushoff, Jonathan and Bolker, Benjamin M},
  journal={Statistical methods in medical research},
  volume={27},
  number={7},
  pages={1956--1967},
  year={2018},
  publisher={SAGE Publications Sage UK: London, England}
}


@article{murtaugh2007simplicity,
	title = {Simplicity and {Complexity} in {Ecological} {Data} {Analysis}},
	volume = {88},
	url = {http://www.esajournals.org/doi/abs/10.1890/0012-9658%282007%2988%5B56%3ASACIED%5D2.0.CO%3B2},
	number = {1},
	journal = {Ecology},
	author = {Murtaugh, Paul A},
	year = {2007},
	pages = {56--62}
}